<record xmlns='http://www.loc.gov/MARC21/slim'><leader>02111cam a2200433 i 4500</leader><controlfield tag='001'>10068705</controlfield><controlfield tag='005'>20170608095255.0</controlfield><controlfield tag='008'>080731s1943    maua   f c    000 0 eng  </controlfield><datafield ind1=' ' ind2=' ' tag='035'><subfield code='a'>(OCoLC)ocn237616331</subfield></datafield><datafield ind1=' ' ind2=' ' tag='035'><subfield code='a'>(OCoLC)237616331</subfield></datafield><datafield ind1=' ' ind2=' ' tag='035'><subfield code='a'>(idCotsen)94151</subfield></datafield><datafield ind1=' ' ind2=' ' tag='035'><subfield code='a'>10068705</subfield></datafield><datafield ind1=' ' ind2=' ' tag='040'><subfield code='a'>YUS</subfield><subfield code='b'>eng</subfield><subfield code='e'>rda</subfield><subfield code='c'>YUS</subfield><subfield code='d'>OCLCF</subfield><subfield code='d'>OCLCO</subfield><subfield code='d'>OCLCQ</subfield><subfield code='d'>NjP</subfield></datafield><datafield ind1='2' ind2=' ' tag='110'><subfield code='a'>McLoughlin Bros.,</subfield><subfield code='e'>publisher.</subfield></datafield><datafield ind1='1' ind2='0' tag='245'><subfield code='a'>Catalog, McLoughlin Bros., Inc., 1943 :</subfield><subfield code='b'>children&apos;s reading, activity and novelty books.</subfield></datafield><datafield ind1=' ' ind2='1' tag='264'><subfield code='a'>[Springfield, Massachusetts] :</subfield><subfield code='b'>McLoughlin Bros. Inc.,</subfield><subfield code='c'>[1943]</subfield></datafield><datafield ind1=' ' ind2=' ' tag='300'><subfield code='a'>32 pages :</subfield><subfield code='b'>illustrations ;</subfield><subfield code='c'>24 cm</subfield></datafield><datafield ind1=' ' ind2=' ' tag='336'><subfield code='a'>text</subfield><subfield code='b'>txt</subfield><subfield code='2'>rdacontent</subfield></datafield><datafield ind1=' ' ind2=' ' tag='337'><subfield code='a'>unmediated</subfield><subfield code='b'>n</subfield><subfield code='2'>rdamedia</subfield></datafield><datafield ind1=' ' ind2=' ' tag='338'><subfield code='a'>volume</subfield><subfield code='b'>nc</subfield><subfield code='2'>rdacarrier</subfield></datafield><datafield ind1=' ' ind2=' ' tag='440'><subfield code='a'>volume</subfield>test series</datafield><datafield ind1=' ' ind2=' ' tag='500'><subfield code='a'>Wrapper title; imprint and date from page [1].</subfield></datafield><datafield ind1=' ' ind2=' ' tag='500'><subfield code='a'>General index on page 32.</subfield></datafield><datafield ind1=' ' ind2=' ' tag='500'><subfield code='a'>&quot;Printed in U.S.A.&quot; --At foot of upper cover.</subfield></datafield><datafield ind1=' ' ind2=' ' tag='500'><subfield code='a'>&quot;McLoughlin Bros., Inc. Springfield, Massachusetts; Publishers of books for children since 1828 ; Catalog 1943&quot; --Page [1].</subfield></datafield><datafield ind1=' ' ind2=' ' tag='500'><subfield code='a'>&quot;New York Salesroom, 200 Fifth Avenue, Room 348&quot; --At foot of page [1].</subfield></datafield><datafield ind1=' ' ind2=' ' tag='500'><subfield code='a'>A number of titles stamped in red as &quot;discontinued.&quot;</subfield></datafield><datafield ind1=' ' ind2=' ' tag='500'><subfield code='3'>Cotsen copy:</subfield><subfield code='a'>Accompanied by two versions of McLoughlin&apos;s 4-page wholesale price list pamphlet for 1943 (22 cm), laid in, with the caption title: &quot;McLoughlin Bros., Inc., Springfield, Massachusetts. Price List, effective March 1, 1943.&quot;</subfield></datafield><datafield ind1=' ' ind2=' ' tag='563'><subfield code='a'>Publisher&apos;s light blue wrappers, lettering in navy blue in a &quot;modern&quot; font on upper, lower with a small pictorial &quot;Buy War Bonds&quot; advertisement.</subfield></datafield><datafield ind1=' ' ind2='0' tag='650'><subfield code='a'>Children&apos;s books</subfield><subfield code='v'>Catalogs.</subfield></datafield><datafield ind1=' ' ind2='0' tag='650'><subfield code='a'>Children&apos;s books</subfield><subfield code='y'>20th century.</subfield></datafield><datafield ind1=' ' ind2='0' tag='650'><subfield code='a'>Booksellers&apos; catalogs.</subfield></datafield><datafield ind1=' ' ind2='0' tag='650'><subfield code='a'>Children&apos;s literature</subfield><subfield code='v'>Bibliography</subfield><subfield code='v'>Catalogs.</subfield></datafield><datafield ind1=' ' ind2='7' tag='650'><subfield code='a'>Children&apos;s books.</subfield><subfield code='2'>fast</subfield><subfield code='0'>(OCoLC)fst00855720</subfield></datafield><datafield ind1=' ' ind2='7' tag='655'><subfield code='a'>Catalogs.</subfield><subfield code='2'>fast</subfield><subfield code='0'>(OCoLC)fst01423692</subfield></datafield><datafield ind1=' ' ind2='7' tag='655'><subfield code='a'>Publishers&apos; catalogues</subfield><subfield code='z'>Massachusetts</subfield><subfield code='z'>Springfield</subfield><subfield code='y'>1943.</subfield><subfield code='2'>rbgenr</subfield></datafield><datafield ind1=' ' ind2='7' tag='655'><subfield code='a'>Advertisements</subfield><subfield code='y'>1943.</subfield><subfield code='2'>rbgenr</subfield></datafield><datafield ind1='0' ind2=' ' tag='740'><subfield code='a'>Catalog 1943</subfield></datafield><datafield ind1='2' ind2=' ' tag='740'><subfield code='a'>Price list 1943</subfield></datafield><datafield ind1=' ' ind2=' ' tag='999'><subfield code='a'>5983363</subfield></datafield><datafield ind1='8' ind2=' ' tag='852'><subfield code='0'>5171782</subfield><subfield code='b'>ctsn</subfield><subfield code='c'>Pams / Eng 20 / Box 89</subfield><subfield code='h'>94151</subfield><subfield code='p'>32101054149057</subfield></datafield><datafield ind1=' ' ind2=' ' tag='959'><subfield code='a'>2006-12-15 16:09:16 -0400</subfield></datafield></record>
